
@article{14NM-SRAM-KARL-IJSSC-2016,
	author  = {E. Karl and Z. Guo and J. Conary and J. Miller and Y. Ng and S. Nalam and D. Kim and J. Keane and X. Wang and U. Bhattacharya and K. Zhang},
	journal = {IEEE Journal of Solid-State Circuits},
	title   = {A 0.6{V}, 1.5{GHz} 84{Mb} {SRAM} in 14nm Fin{FET} {CMOS} Technology With Capacitive Charge-Sharing Write Assist Circuitry},
	year    = {2016},
	volume  = {51},
	number  = {1},
	pages   = {222-229},
	ISSN    = {0018-9200},
	month   = {January},
}

@misc{WIKICHIP-COFFEE-LAKE-WEBPAGE,
  author       = {WikiChip},
  title        = {Coffee Lake - Microarchitectures - Intel},
  howpublished = {\url{https://en.wikichip.org/wiki/intel/microarchitectures/coffee_lake}},
  note         = {Accessed: 2018-10-14}
}

@inproceedings{20UM-PITCH-WG-LEE-2010,
	author    = {Benjamin G. Lee and Fuad E. Doany and Solomon Assefa and William M. Green and Min Yang and Clint L. Schow and Christopher V. Jahnes and Sheng Zhang and Jonathan Singer and Victor I. Kopp and Jeffrey A. Kash and Yurii A. Vlasov},
	title     = {20-{\textmu}m-Pitch Eight-Channel Monolithic Fiber Array Coupling 160 Gb/s/Channel to Silicon Nanophotonic Chip},
	booktitle = {Optical Fiber Communication Conference},
	pages     = {PDPA4},
	publisher = {Optical Society of America},
	year      = {2010},
}

@article{SiN3WG-EPPING-2015,
	author   = {J\"{o}rn P. Epping and Marcel Hoekman and Richard Mateman and Arne Leinse and Ren\'{e} G. Heideman and Albert van Rees and Peter J.M. van der Slot and Chris J. Lee and Klaus-J. Boller},
	title    = {High confinement, high yield ${S}i_{3}{N}_{4}$ waveguides for nonlinear optical applications},
	journal  = {Optics Express},
	number   = {2},
	pages    = {642--648},
	publisher = {Optical Society of America},
	volume   = {23},
	month    = {January},
	year     = {2015},
}

@article{OPTIC-CHIP-SUN-NATURE-2015,
        Author = {Sun, Chen and Wade, Mark T. and Lee, Yunsup and Orcutt, Jason S. and Alloatti, Luca and Georgas, Michael S. and Waterman, Andrew S. and Shainline, Jeffrey M. and Avizienis, Rimas R. and Lin, Sen and Moss, Benjamin R. and Kumar, Rajesh and Pavanello, Fabio and Atabaki, Amir H. and Cook, Henry M. and Ou, Albert J. and Leu, Jonathan C. and Chen, Yu-Hsin and Asanovic, Krste and Ram, Rajeev J. and Popovic, Milos A. and Stojanovic, Vladimir M.},
        Title = {Single-chip microprocessor that communicates directly using light},
        Journal = {Nature},
        Day = {24},
        Month = {December},
        Year = {2015},
        Volume = {528},
        Number = {7583},
        Pages = {534--538},
        Isbn = {0028-0836},
        Publisher = {Nature Publishing Group},
}

@inproceedings{GALAXY-DEMIR-ICS-2014,
 author = {Yigit Demir and Yan Pan and Seukwoo Song and Nikos Hardavellas and John Kim and Gokhan Memik},
 title = {Galaxy: A High-Performance Energy-Efficient Multi-Chip Architecture Using Photonic Interconnects},
 booktitle = {Proceedings of the 28th ACM International Conference on Supercomputing},
 month = {June},
 year = {2014},
 location = {Munich, Germany},
}

@inproceedings{FIREFLY-PAN-ISCA-2009,
   Author    = {Yan Pan and
                Prabhat Kumar and
                John Kim and
                Gokhan Memik and
                Yu Zhang and
                Alok Choudhary},
   Title     = {Firefly: Illuminating Future Network-on-Chip with Nanophotonics},
   BookTitle = {Proceedings of the ACM/IEEE International Symposium on Computer Architecture},
   Address   = {Austin, TX},
   Month     = {June},
   Year      = {2009},
}

@book{INTERLAGOS-LATENCY-CICOTTI-2016,
	author    = {Cicotti, Pietro and Oral, Sarp and Kestor, Gokcen and Gioiosa, Roberto and Strande, Shawn and Taufer, Michela and Rogers, Jim and Abbasi, Hasan and Hill, Jason and Carrington, Laura},
	title     = {Data Movement in Data-Intensive High Performance Computing},
	booktitle = {Conquering Big Data with High Performance Computing},
	isbn      = {978-3-319-33740-1},
	pages     = {31-59},
	month     = {September},
	year      = {2016},
}

@INPROCEEDINGS{KNL-HCS-SODANI-2015, 
	author    = {A. Sodani}, 
	booktitle = {Proceedings of the 2015 IEEE Hot Chips 27 Symposium (HCS)}, 
	title     = {Knights landing ({KNL}): 2nd Generation Intel Xeon Phi processor}, 
	pages     = {1-24}, 
	month     = {August},
	year      = {2015}, 
}

@misc{7-ZIP-LZMA-BROADWELL-L3-LATENCY,
  author = {Jonas Boner},
  title        = {7-Zip LZMA Benchmark---Intel Broadwell},
  howpublished = {\url{https://gist.github.com/understeer/4d8ea07c18752989f6989deeb769b778}},
  note         = {Accessed: 2018-10-14},
}

@inproceedings{AMD-DCA-CONWAY-2006,
 author = {Pat Conway},
 title = {AMDâ€™s Direct Connect Architecture},
 booktitle = {Workshop on On- and Off-Chip Interconnection Networks for Multicore Systems},
 month = {December},
 year = {2006},
 location = {Stanford, CA},
}

